2684 4928
166 326 376 395 -nmenrro
393 324 732 395 zrrrrnnnrnrnn
751 328 946 393 nnnnntt.
972 358 977 369 ι
1030 346 1097 418 902

111 496 119 571 i
144 496 353 573 carceribus
376 500 547 597 praesunt,
571 496 631 572 scd
654 495 802 571 comites
833 522 950 571 rerum
974 496 1095 597 prirn-¹

111 636 191 703 tun,
206 614 255 687 td
268 606 406 689 ventrio
421 630 457 685 et
475 610 724 687 intestinorum
745 614 851 685 refert
872 612 1093 711 imaginem:

111 754 142 807 rr
156 732 190 807 fi
203 726 379 807 imulensi
402 730 571 807 aviditate
597 732 847 831 congesserint,
869 749 906 805 et
926 736 1096 832 congesta

111 846 222 925 uciur
237 848 502 937 reservaverint,
519 846 793 923 innumerabiles
818 866 854 921 et
880 846 1095 925 incurabiles

111 982 233 1039 nerant
262 964 422 1055 morbos,
450 982 492 1037 ut
519 960 616 1037 vitiis
648 986 773 1041 eorum
797 960 907 1037 totius
935 964 1095 1063 corporit

111 1100 164 1153 ue
182 1076 383 1153 iniminett.
434 1076 590 1152 Pedibus
614 1100 701 1151 reto
725 1076 801 1151 solo
819 1076 955 1175 jugiter
978 1076 1094 1153 inhae·

111 1192 235 1287 nibus,
252 1194 422 1293 agricolae
444 1212 682 1293 coaptantur:
708 1194 840 1293 quibus
864 1192 991 1292 capitis
1008 1216 1095 1293 pro·

111 1310 222 1387 leutio
242 1328 343 1386 tento
367 1309 480 1409 nugis
497 1310 685 1385 necessario
701 1311 765 1399 est,
781 1336 856 1411 quo
872 1310 975 1409 plura
990 1308 1094 1385 inre*

111 1446 168 1505 int
182 1428 410 1518 diverticulo,
423 1428 512 1501 dum
529 1427 566 1501 in
583 1426 758 1529 obsequio
773 1423 931 1526 corporis
948 1426 986 1501 in
1003 1447 1095 1503 terro

111 1542 287 1635 tdiuntur,
316 1540 436 1641 eisque
464 1542 593 1639 justius
623 1560 914 1643 tegumentorum
943 1544 1095 1623 debetur

111 1654 288 1757 frugium,
303 1656 367 1755 qui
383 1652 494 1731 totius
510 1656 670 1759 corporis
686 1656 840 1758 erigunt,
858 1655 1041 1751 sustinent,
1058 1678 1096 1735 et

111 1792 276 1851 rmotent
289 1774 436 1849 molem.
471 1770 608 1849 Pedum
623 1774 841 1849 adminicula
855 1774 1097 1849 robustissimo

111 1916 212 1995 rpore
237 1892 338 1984 tolie,
364 1888 434 1966 titis
463 1889 599 1968 viribus
626 1918 700 1967 non
726 1894 920 1992 procedet:
946 1892 1008 1967 sed
1032 1912 1096 1969 eut

111 2008 227 2111 miter,
254 2008 442 2099 inutiliter,
465 2027 502 2083 et
531 2010 678 2084 moleste
703 2010 869 2085 manibus
896 2029 1006 2109 repet,
1033 2028 1096 2087 out

111 2142 251 2213 ntorum
265 2122 473 2197 animalium
491 2148 559 2222 ope
576 2120 790 2199 movebitur.

111 2238 179 2315 lli.
217 2239 264 2313 In
285 2238 423 2313 summo
452 2262 537 2337 ergo
564 2256 717 2337 quatuor
741 2239 836 2331 sunt,
863 2263 946 2340 quae
967 2237 1095 2315 nititur

111 2352 272 2453 'publicae
288 2350 510 2452 principibus
527 2351 732 2427 inculcare:
761 2353 993 2429 reverentiam
1010 2353 1095 2447 Dei,

111 2470 201 2545 lturn
229 2467 297 2561 sui,
318 2466 543 2567 disciplinam
570 2468 781 2544 officialium
805 2488 842 2543 et
866 2473 1094 2569 potestatum,

111 2580 237 2659 edum
255 2602 294 2657 et
313 2582 578 2683 protectionem
598 2583 833 2658 subditorum.
870 2586 992 2659 Deum
1007 2612 1096 2685 ergo

115 2696 240 2797 primis
260 2698 379 2773 asserit
401 2700 673 2773 honorandum:
701 2700 830 2774 deinde
847 2699 881 2773 se
898 2700 1014 2799 ipsum
1031 2726 1095 2777 co·
1122 2772 1126 2779 .

111 2814 211 2889 tdurn
236 2813 461 2929 unicuique:
495 2816 588 2912 post,
614 2833 656 2889 ut
682 2814 884 2890 doctrinam
913 2816 1095 2917 praeposrti

111 2926 172 3005 ius
197 2928 388 3027 disciplina
415 2931 543 3002 domus
569 2932 751 3004 redoleat:
783 2948 818 3004 et
842 2933 987 3007 tandem
1012 2932 1123 3007 uni-.

111 3042 205 3117 rfitas
232 3040 477 3140 subjedlorum
506 3044 551 3115 de
577 3042 703 3140 capitis
728 3044 1000 3144 praepofitorum
1026 3044 1096 3119 fibi

111 3154 309 3231 :olumitate
330 3159 483 3231 laetetur.
533 3158 757 3256 Magnorum
773 3184 918 3258 quoque
936 3160 1095 3235 virorum

111 3272 369 3373 etegematibus
385 3292 422 3347 et
438 3273 726 3371 strategematicis
742 3274 866 3349 utitur.

111 3390 176 3465 w.
208 3390 293 3489 Ego
316 3408 353 3464 et
374 3390 410 3464 in
434 3391 518 3480 hoc,
535 3392 627 3464 ficut
646 3408 683 3465 et
704 3390 741 3463 in
761 3391 935 3489 plurimis,
958 3394 1096 3468 Plutar-

111 3532 173 3583 um
195 3509 324 3585 censeo
349 3508 580 3599 audiendum,
597 3508 660 3606 qui
682 3509 798 3583 Deam
819 3532 954 3583 caecam
972 3514 1096 3585 colen-

111 3650 144 3701 m
168 3626 239 3700 csse
263 3642 383 3724 negat,
406 3626 556 3699 afferens
581 3651 659 3698 eam
681 3624 747 3699 nist
767 3652 788 3699 a
811 3625 916 3699 caecis
933 3627 1005 3701 coli
1021 3652 1097 3701 non

111 3742 175 3823 sse.
225 3742 351 3818 Multa
380 3767 526 3841 quoque
558 3741 727 3841 proponit
756 3743 931 3842 exempla,
964 3741 1097 3839 quibus

111 4012 129 4059 μ
145 3996 206 4066 m]
223 3996 325 4058 ibidem,
336 4014 395 4059 e‚4.

111 4094 122 4115 ι
139 4058 238 4130 utitur]
255 4064 378 4128 Sequentia
393 4065 421 4110 de
437 4062 518 4111 Nosne
536 4060 625 4111 sortasse
643 4062 696 4111 sunt
710 4077 739 4109 et
756 4063 835 4109 eodem
846 4057 931 4107 libello.
957 4058 1000 4103 Sed
1015 4057 1064 4119 ejus

189 4128 306 4192 plerosque
315 4128 376 4175 iocor
385 4127 417 4175 ite
424 4128 469 4175 suit
478 4127 624 4176 commiscuit
634 4138 658 4173 et
667 4126 786 4173 conteruit
795 4121 968 4177 sarisber-ienis,
978 4132 1004 4168 ut
1013 4124 1065 4169 i'rtir

188 4193 300 4243 curense
311 4191 411 4241 invicem
421 4192 515 4241 discerni
526 4208 551 4239 at
563 4192 708 4253 probabiliter
717 4192 805 4253 ercerpi
817 4198 935 4253 nequeant.
953 4186 1032 4249 lttque
1043 4198 1066 4235 ct

188 4254 234 4305 bor
244 4257 303 4307 libro
310 4256 341 4304 V.
353 4267 377 4303 et
386 4256 505 4322 proximis,
516 4257 592 4307 nolte
602 4256 736 4320 reliquimur
745 4255 842 4305 ianua.

111 4358 117 4373 ·
139 4318 205 4385 st]
222 4322 391 4382 lust-,M-
