2684 4928
165 310 352 383 nunaut
371 310 709 387 nrmrammrou
728 320 924 386 AfflhnN.
1010 340 1077 413 ,οφ

117 479 209 577 ruod
232 502 367 579 ungues
381 480 563 579 jugulavit
586 481 624 555 in
642 482 770 561 cunis:
796 503 858 561 aut
878 487 1016 582 officio,
1031 510 1074 567 ut

117 590 232 671 cilicet
254 594 495 695 praefeotique
519 584 722 673 sacrorum:
749 622 812 674 aut
833 603 1006 695 moribus,
1033 624 1075 683 ut

117 708 255 809 asophi,
278 711 346 811 qui
370 713 499 787 mentis
525 714 659 789 divinae
688 717 853 793 haustum
885 720 1075 821 investiga·

117 844 188 899 ret
203 824 464 925 dispensatione
487 829 667 927 snpientiae
690 831 851 907 indicant
867 863 876 908 t
904 856 965 909 aut
985 864 1075 915 coo·

117 966 186 1035 ure,
200 964 244 1017 ut
260 970 351 1043 quos
368 946 471 1021 favor
489 948 645 1023 numinis
662 951 805 1042 extulit,
823 970 864 1025 ut
881 954 958 1029 aliis
980 978 1080 1057 prro·¹

117 1076 160 1149 κ,
175 1084 224 1135 ει
239 1062 360 1135 cauffi
379 1061 499 1161 potius
517 1065 694 1158 familiari,
712 1094 821 1166 quam
837 1070 962 1145 officio
977 1075 1074 1170 pub·

117 1294 131 1367 '.
167 1294 267 1367 Nam
294 1296 535 1394 praecedentia
564 1298 748 1375 Plutarchi
777 1301 816 1376 in
843 1302 1073 1381 Institutione

117 1406 193 1501 ani,
215 1427 252 1483 et
278 1406 368 1484 Julii
397 1412 563 1487 Frontini
590 1413 628 1489 in
652 1415 747 1491 libro
774 1418 1072 1516 strategematum

117 1580 127 1609 Ι

117 1642 149 1719 l.
188 1641 292 1719 Quid
317 1645 363 1717 de
388 1643 610 1725 continentia
635 1644 755 1719 dicam
776 1669 965 1745 rerumque
982 1673 1072 1723 con-

117 1782 163 1851 nr,
174 1759 469 1858 quandoquidem
481 1761 663 1835 Plutarchi
677 1761 970 1860 strategematica
979 1790 1073 1839 non-

117 1878 308 1979 tpromisr.
351 1879 412 1953 M.
436 1880 612 1954 Catonem
628 1884 756 1956 eodem
771 1883 858 1956 vino
874 1908 949 1981 quo
965 1882 1072 1959 remi-

117 2010 333 2069 nnntentum
354 1994 459 2069 fuisse
480 1997 642 2087 traditur.
693 1999 733 2071 N
735 2024 805 2071 unc
828 2016 960 2089 autem,
974 2020 1015 2072 ut
1032 1999 1072 2073 in

117 2134 191 2185 mn
218 2108 404 2185 Plutarchi
433 2110 733 2210 strategematicis
758 2110 963 2209 imponatur
992 2136 1072 2187 mo-

126 2240 242 2301 tuntae
256 2222 477 2301 fortitudinis
500 2244 536 2299 et
557 2226 738 2301 civilitatis
754 2226 837 2317 fuit,
853 2244 894 2301 ut
912 2228 1072 2303 Romani

117 2340 178 2419 arii
199 2342 305 2433 fines,
323 2345 422 2443 quod
438 2344 519 2443 post
535 2345 741 2443 Augustum
758 2345 942 2419 defensum
957 2346 1071 2446 magis

117 2476 165 2555 rt,
191 2472 304 2561 quam
331 2458 501 2535 nobiliter
533 2461 756 2561 ampliatum,
786 2462 894 2560 longe
927 2464 1071 2563 lateque

117 2578 269 2655 fideret.

117 2688 170 2769 Il.
203 2692 334 2769 Cordis
357 2694 493 2784 locum,
518 2694 667 2781 auclore
691 2690 899 2784 Plutarcho,
922 2694 1071 2769 Senatus

117 2826 188 2887 net.
223 2812 372 2885 Senatus
388 2836 487 2901 vero,
503 2810 595 2883 ficut
612 2809 803 2907 majoribus
819 2809 968 2907 placuit,
985 2810 1071 2885 offi-

117 2946 235 3003 tomen
250 2929 316 3019 est',
331 2947 368 3002 et
385 2930 493 3002 habet
509 2926 622 3001 aetatis
639 2947 774 3002 notam.
800 2928 880 3001 Cet.
1026 2972 1052 3017 μ

117 3040 187 3119 ΠΙ.
224 3042 328 3119 Dum
349 3042 531 3119 Plutarchi
548 3044 696 3143 vestigia
712 3043 751 3117 in
767 3042 911 3141 Trajani
927 3038 1070 3120 institu-¹

117 3160 354 3237 tfamiliarius
371 3161 510 3260 sequor,
525 3188 582 3234 me
601 3161 716 3259 ipsum
732 3159 882 3235 arbitror
897 3162 964 3235 hac
981 3160 1071 3237 ima·

117 3278 366 3379 =compellariz
385 3304 518 3378 eroque
534 3278 693 3353 ludibrio
709 3278 885 3371 omnium,
902 3279 969 3354 nist
985 3280 1071 3356 dili·

117 3540 164 3613 ἱ]
182 3544 284 3606 lbltlenr,
300 3546 361 3604 νβ.
395 3545 505 3609 Exempla
524 3546 654 3605 Alexandri,
674 3545 796 3607 Scipionis,
811 3545 916 3605 Camilli,
935 3546 989 3596 sunt
1007 3562 1038 3596 e:

160 3612 275 3725 mono
285 3610 368 3671 suno,
375 3612 408 3662 11.
418 3626 453 3671 ιι,
463 3611 516 3674 ς,6.
529 3612 606 3673 lV.4,
616 3628 639 3661 r.
650 3612 696 3661 IV.
706 3615 731 3672 ⁶,
740 3627 761 3673 3.
784 3614 843 3673 Ergo
852 3626 900 3661 non
910 3614 1039 3662 eabibenrla

117 3736 171 3807 Vh]
180 3688 281 3801 ratiiii,
290 3758 316 3801 v,
323 3741 349 3802 8,
355 3751 377 3790 et
384 3757 408 3805 9.
417 3740 493 3789 initio.
511 3741 564 3787 Tali
572 3740 662 3788 exordio
670 3751 693 3789 et
698 3741 785 3804 epilogo
791 3756 843 3804 quoe
850 3740 967 3804 interjeffi
974 3740 1035 3799 sunt,

162 3806 214 3871 quir
224 3822 271 3854 non
283 3818 344 3868 putet
353 3822 382 3855 ex
391 3805 525 3853 Plutartbeo
536 3805 575 3852 illo
585 3802 658 3853 sumta
668 3806 712 3853 elle
721 3806 814 3854 libello?
826 3805 898 3868 Atqui
907 3807 977 3851 aliena
986 3805 1037 3851 sunt

161 3872 250 3921 mnia
272 3872 375 3919 frontini
387 3872 440 3917 sunt
449 3870 494 3917 Ν.
504 3882 527 3932 3,
537 3870 634 3930 exceptis
643 3871 748 3930 ‹luobut3
764 3886 863 3933 quornm
871 3869 1037 3929 'rddellugullo

160 3936 196 3985 §R
203 3936 308 3983 Suetonii
318 3935 428 3997 Αιωό.
441 3934 537 3981 alterum
548 3935 575 3980 de
585 3935 695 3997 rajano,
705 3936 806 3995 Eutropii
819 3934 869 3981 viii.
877 3949 900 3981 a.
910 3944 933 3979 et
944 3934 985 3995 seq.

122 3994 175 4047 m
204 4000 263 4049 luit.
276 4016 300 4059 v,
308 4018 331 4065 9.
342 3999 418 4047 initio.
445 4000 512 4047 Forte
528 3998 641 4061 sequentia
656 4000 759 4061 ddncepr
767 3999 886 4046 tribuenda
896 3998 947 4043 sunt
958 3995 1035 4043 libello

160 4080 176 4113 Ι
241 4067 278 4123 nd,
285 4066 348 4123 am,
355 4062 502 4129 inquirimur
509 4062 562 4112 w.
571 4077 614 4111 nec
622 4074 699 4115 tannen
707 4080 748 4126 pro
755 4074 816 4111 certo
825 4063 939 4110 affirmare
944 4057 1035 4123 pollini.

159 4130 238 4191 igitur
247 4140 345 4191 “petere
353 4144 380 4175 ea
390 4128 461 4175 nolui.

119 4190 189 4243 Vll!-
219 4194 276 4240 lhid.
289 4193 341 4240 Lib.
351 4194 382 4240 vi.
395 4194 498 4252 Prologo.
531 4191 619 4241 Locum
639 4190 744 4253 exhibui,
760 4203 787 4240 ut
804 4190 844 4239 alil
861 4189 966 4252 suspicari
983 4188 1036 4237 inde

159 4274 189 4371 εἰ
195 4268 373 4371 mmm?
383 4256 678 4371 qtsrea‘lnttrrsmffilutfiarehti
688 4257 758 4310 libelli
765 4266 791 4309 et
799 4255 892 4319 vestigia
901 4254 991 4307 scrutur
998 4254 1035 4314 lit,

277 4336 316 4371 m
358 4336 397 4371 um
564 4337 593 4374 tn
611 4337 629 4370 r.
