2684 4928
151 304 215 397 908
435 304 911 375 nnorrtrxor·

150 480 265 576 liquet
279 499 402 551 omnes
423 500 531 551 caecae
554 478 644 553 Deae
661 477 816 553 cultores
833 490 993 552 coeeatoa
1007 492 1046 551 et
1059 474 1161 575 preti·

148 594 279 694 pitatos
295 594 440 668 tandem
457 593 496 669 in
513 594 653 669 foveam
669 592 884 669 exterminii.
929 592 1099 670 Temno
1111 592 1161 673 lu

149 712 294 797 Galba,
320 710 384 809 qui
407 730 521 786 totam
543 728 686 786 aetatem
704 712 907 794 luculenter
928 710 1161 811 producenti

149 824 287 901 senium
311 825 415 923 hujus
443 826 533 901 Deae
560 824 795 901 familiaritate
821 844 859 899 et
883 826 993 903 cultu
1021 826 1060 901 iu
1087 826 1161 910 bttu'

148 942 274 1029 elatus,
301 958 337 1012 et
373 939 411 1015 in
444 940 598 1016 breviori
631 940 874 1039 praecipitatur
902 942 971 1017 est.
1024 943 1162 1030 Qualiter

149 1074 269 1132 autern
300 1058 396 1153 apud
429 1055 640 1131 Suetonium
672 1080 805 1155 quaere.
857 1056 1043 1133 Queritur
1068 1076 1159 1144 turer

149 1171 318 1269 praesatus
334 1170 580 1269 philosophus,
596 1189 633 1245 et
653 1170 690 1243 in
712 1190 795 1247 aure
806 1172 882 1267 jam
902 1170 1000 1247 dicti
1017 1168 1160 1273 principa

147 1287 452 1387 lachrymabiliter
470 1288 681 1387 ingemiscit,
696 1306 731 1363 ct
751 1292 851 1387 quod
869 1290 953 1367 haec
970 1290 1064 1371 vitio
1078 1288 1159 1372 cni·

148 1402 230 1479 tatis
256 1425 292 1479 et
315 1405 521 1481 temeritatis
543 1408 714 1505 prob'rosa'
729 1408 820 1495 Dea,
836 1426 875 1483 et
889 1409 1067 1490 omnibus
1080 1409 1159 1511 igtur

147 1520 299 1595 miniosa
315 1521 534 1613 numinibus,
551 1522 713 1599 omnium
735 1526 899 1601 Deorum
918 1530 1057 1627 templa
1070 1528 1158 1603 ἰώ

148 1637 252 1731 terit,
269 1658 305 1713 et
331 1640 493 1719 Deorum
518 1640 681 1715 omnium
700 1640 926 1741 praeripuerit
951 1646 1112 1731 cultumr
1128 1658 1158 1720 u

146 1772 275 1853 praeter
296 1757 391 1829 aedes
415 1756 579 1853 privatas,
600 1782 686 1853 quas
711 1755 747 1829 in
773 1757 860 1831 orbe
883 1776 924 1831 et
948 1763 1042 1837 urbe
1059 1758 1158 1859 palin

147 1872 268 1960 habet,
284 1896 408 1969 rupem
424 1871 531 1947 etiam
548 1870 739 1970 'lbrpeiam
756 1874 1006 1973 occupaverit,
1023 1878 1158 1977 suprttttt

146 1986 232 2061 ‚lovi
249 2006 445 2085 coaequata,
462 2008 499 2063 et
514 1988 671 2085 publicar
697 1988 852 2063 fortunoe
878 1990 1004 2091 imago
1027 1990 1160 2072 auertit

148 2105 328 2203 Capitolio
351 2108 396 2179 ab
420 2104 577 2195 advenis,
602 2104 784 2195 convenis,
805 2122 843 2179 et
867 2104 1064 2207 indigenis,
1085 2107 1157 2209 pubi

145 2222 215 2295 lice
233 2226 412 2313 adoretur,
430 2242 466 2297 et
489 2241 623 2297 tantam
647 2248 721 2321 prm
746 2220 872 2297 ceteris
897 2224 1011 2299 habet
1026 2220 1160 2302 auaui«

146 2356 267 2427 tatem,
282 2344 382 2436 quod
400 2340 437 2412 in
454 2356 529 2413 tota
547 2337 681 2413 ratione
694 2338 912 2429 tonnellam,
930 2358 974 2415 ut
991 2340 1067 2417 dici
1079 2340 1175 2429 [ἀπ’

146 2454 219 2527 sola
242 2474 431 2553 utramque
463 2453 629 2553 paginam
663 2454 806 2527 ridetur
836 2452 1003 2553 implere.
1054 2454 1158 2531 vident

144 2598 223 2645 eam
246 2570 296 2645 ibi
322 2592 434 2645 rotam
462 2572 593 2644 reflare
621 2572 841 2644 volubilem:
867 2576 1047 2674 quodque
1069 2568 1156 2671 mugit

147 2690 283 2778 mirere,
299 2690 455 2785 ejusdem
471 2710 557 2762 rotro
572 2689 724 2787 impulsu
741 2692 784 2761 de
798 2690 948 2787 peelore
964 2688 1068 2765 Jovis
1082 2690 1156 2764 suto·

147 2830 223 2875 rum
242 2806 348 2902 pensa
365 2804 564 2902 praecipitat
590 2825 625 2876 et
647 2808 847 2877 conculcat.
891 2806 1068 2905 Quisquis
1081 2802 1156 2879 euim

143 2921 341 2995 Fortunam
362 2921 496 3009 statuit,
515 2922 586 2993 sata
600 2920 801 3018 praecipitat
817 2940 853 2993 et
870 2922 1059 2997 convellit.
1087 2924 1156 2997 Fut·

142 3053 231 3109 tuna
259 3036 395 3131 semper
422 3032 580 3106 consistit
605 3033 641 3105 in
670 3035 723 3105 bis
745 3060 826 3132 quae
850 3034 1048 3134 improvisa
1065 3058 1157 3109 emet·

144 3167 247 3249 gunt.
297 3151 388 3223 Eam
410 3151 664 3249 usquequaque
689 3150 814 3222 nititur
837 3176 1012 3225 evacuare
1040 3150 1154 3227 Plutar-

142 3267 255 3338 chus:
283 3286 317 3338 et
335 3292 381 3337 cx
397 3265 581 3362 praemissis
597 3283 750 3361 quatuor
767 3264 867 3355 locis,
886 3285 1039 3355 naturae,
1053 3258 1185 3350 officiin.

142 3407 296 3472 morum,
311 3382 540 3469 conditionis,
556 3380 663 3453 totius
682 3380 887 3453 reverentiae
904 3406 1048 3455 manare
1065 3374 1152 3455 credit

142 3498 330 3598 originem.
381 3502 446 3571 lllc
462 3498 609 3595 quidem
627 3498 665 3570 iu
682 3502 784 3570 cultu
808 3499 973 3572 Deorum
1001 3526 1061 3574 eos
1082 3517 1149 3597 pt*
1191 3557 1197 3624 4

141 3616 246 3715 cipue
264 3616 381 3687 alli-rit
396 3616 627 3703 venerandos,
642 3612 706 3709 qui
733 3612 764 3685 ei
791 3612 999 3689 familiarius
1025 3634 1061 3689 et
1082 3605 1147 3684 titi·
1192 3633 1197 3678 t

142 3733 221 3807 nius
239 3736 435 3806 accedunt:
463 3752 524 3803 arat
547 3752 681 3820 natura,
700 3750 761 3801 out
786 3730 895 3803 Liber
917 3728 1142 3806 Indorumdo-

141 3852 262 3941 miror,
279 3850 455 3922 Hercules
473 3845 534 3945 qui
554 3874 596 3919 eo
615 3848 690 3945 ipso
709 3846 745 3917 in
763 3848 795 3919 se
813 3847 943 3921 Jovem
965 3848 1140 3947 protestatur

140 4070 170 4117 D.
181 4086 206 4133 4.
224 4073 342 4121 convellit.
375 4068 486 4135 Fortuna]
504 4068 624 4131 tntcrjctla
635 4068 680 4129 bis,
689 4068 770 4131 quippe
778 4066 827 4113 lota
835 4068 970 4115 Latinorum
981 4070 1117 4131 poemerium!

270 4140 306 4185 bit
316 4138 417 4199 preximi
429 4154 473 4182 nou
485 4136 620 4181 ridebuntur
630 4134 760 4182 Pluttrebri
774 4132 842 4177 libelli
854 4132 905 4178 etl'e.

140 4198 165 4244 F-
182 4213 203 4259 3·
221 4204 340 4262 ortgznem.
375 4201 415 4247 llle
431 4197 566 4263 qualem-J
584 4198 745 4246 Sarilberieoris
756 4196 806 4242 brec
823 4196 963 4258 interponitz
989 4190 1116 4259 3·¹‚l¹3!²-·'·“···,s·¹

268 4282 333 4313 tamen
350 4268 395 4321 bor,
412 4265 524 4313 infidelium
540 4282 599 4322 more,
615 4266 743 4328 exsequitur.
769 4260 832 4309 Unde
847 4262 955 4310 noenu-'sar
965 4264 1070 4329 'sarmul
1085 4266 1114 4317 §³¹

271 4332 281 4353 s
304 4340 308 4347 ,
372 4330 376 4337 .
679 4328 684 4336 .

276 4348 300 4375 ,π
310 4349 323 4376 u
371 4347 447 4377 erma·
456 4330 552 4377 calinici
562 4330 638 4377 curavi
650 4332 740 4394 iay-*rere-
