2684 4928
298 294 482 359 hertam
501 296 840 369 rrrrraumrnu
859 304 1056 375 numam.
1141 324 1206 395 ρος

600 520 775 598 XCVIII.

398 650 707 723 INSTITUTIO
737 660 973 730 TRAJANI.

543 856 848 889 *¹¹*—

393 994 609 1073 Errsaona
637 1026 692 1075 ho
721 1002 975 1081 Tnasrnunr.

158 1126 194 1209 1·
299 1130 661 1207 LUTARCHUS
702 1136 856 1235 Trojano
890 1142 1049 1216 Salutem
1086 1143 1200 1221 Dicit.

321 1250 544 1325 Modestiam
577 1270 677 1325 tuam
709 1281 879 1329 noveram
920 1284 993 1332 non
1035 1282 1200 1361 appetere

158 1362 420 1471 principatum,
438 1394 548 1467 quem
569 1390 688 1445 tamen
709 1373 844 1471 semper
865 1400 1005 1449 morum
1026 1378 1201 1477 elegantia

119 1476 292 1567 tmereri
318 1480 497 1564 studuisti.
548 1486 633 1561 Quo
655 1488 804 1585 quidem
821 1508 922 1562 tanto
939 1490 1083 1590 dignior
1100 1494 1200 1591 judi·

119 1690 124 1699 .
161 1594 268 1689 caris,
281 1616 419 1697 quanto
431 1624 453 1671 a
466 1597 616 1673 crimine
629 1600 834 1674 ambitionis
849 1603 977 1677 videris
996 1606 1064 1679 esse
1083 1633 1199 1681 remo-

161 1708 246 1797 tior.
297 1712 392 1787 Tuae
417 1712 538 1813 itaque
566 1713 689 1789 virtuti
716 1720 957 1815 congratulor,
981 1740 1017 1793 et
1044 1722 1200 1799 sortunae

118 1888 143 1929 ἵ
162 1850 280 1915 meae3
306 1826 335 1901 fi
363 1844 484 1901 tamen
511 1829 608 1901 resle
638 1831 780 1928 gesseris
807 1859 915 1931 quem
941 1834 1054 1931 probe
1081 1862 1200 1909 meru·

161 1942 232 2026 isti.
254 1941 453 2043 ,Alioquin
470 1962 506 2017 te
523 1943 704 2043 periculis,
721 1965 756 2017 et
774 1972 831 2019 me
849 1950 1110 2023 detrahentium
1129 1950 1199 2024 lin-

160 2060 242 2165 guis
260 2060 466 2159 subjeslum
491 2060 532 2135 iri
559 2086 633 2135 non
657 2062 815 2153 dubito,
843 2088 926 2136 cum
954 2084 990 2137 et
1019 2065 1199 2163 ignaviam

117 2192 149 2251 Β
163 2176 426 2289 Imperatorum
455 2176 576 2253 Roma
602 2202 674 2251 non
702 2178 802 2269 ferat,
830 2198 865 2251 et
894 2180 1006 2253 sermo
1032 2182 1199 2281 publicus

162 2291 299 2371 delicta
328 2292 586 2403 discipulorum
616 2294 803 2367 refundere
830 2294 938 2367 soleat
971 2294 1008 2368 in
1038 2320 1200 2397 praecep·

160 2428 267 2487 torea.
318 2408 379 2485 stc
394 2410 530 2483 Seneca
546 2408 702 2483 Neronis
720 2407 770 2483 sui
788 2408 917 2483 merito
934 2410 1199 2486 detrahentium

149 2524 322 2627 'carpitur
336 2522 484 2621 linguis,
501 2521 780 2597 adolescentium
801 2524 945 2597 suorum
966 2525 1142 2599 temeritas
1160 2526 1197 2599 in

167 2640 432 2719 Quintilianum
464 2638 677 2730 refunditur,
703 2659 739 2713 et
767 2640 929 2713 Socrates
955 2640 992 2713 in
1018 2640 1199 2739 pupillum

162 2756 265 2842 suurn
281 2754 496 2833 clementior
509 2755 728 2830 criminatur.
779 2755 840 2831 Tu
856 2782 942 2831 vero
959 2756 1103 2856 quidvis
1120 2783 1197 2831 rec-

116 2890 148 2945 u
161 2870 290 2953 tiffime
308 2894 420 2971 geres,
437 2870 465 2943 fi
482 2896 555 2944 non
573 2870 749 2945 recesseris
766 2888 837 2943 ate
854 2868 942 2969 ipso.
985 2870 1023 2943 Si
1039 2870 1197 2971 primum

160 3006 195 3063 te
215 2986 473 3087 composueris,
497 2986 524 3059 fi
545 3003 607 3059 tua
632 2986 752 3060 omnia
776 2986 987 3087 disposueris
1011 2990 1058 3061 ad
1083 2988 1197 3063 virm·

159 3126 247 3197 tem,
264 3106 365 3181 redte
392 3102 459 3179 tibi
478 3104 676 3203 procedent
697 3102 869 3177 universa.
922 3102 1085 3179 Politicae
1107 3130 1197 3179 eon·

160 3220 356 3299 stitutionis
376 3222 550 3317 majorum
568 3218 659 3293 vires
683 3217 750 3293 tibi
772 3216 934 3316 expressi.
986 3217 1056 3292 Cui
1079 3219 1107 3291 fi
1129 3220 1196 3295 ob-

157 3358 348 3439 temperas,
387 3336 620 3411 Plutarchum
662 3331 807 3407 vivendi
850 3332 958 3407 habes
998 3335 1195 3409 auctorem.

158 3454 338 3557 Alioquin
355 3454 566 3553 praesentem
581 3450 766 3551 epistolam
784 3452 909 3524 testem
931 3449 1085 3537 invoc03
1111 3450 1198 3547 quia
1256 3460 1259 3465 '

120 3570 194 3649 rin
209 3568 412 3673 perniciem
430 3568 569 3669 imperii
588 3594 660 3641 non
677 3566 796 3667 pergis
812 3570 959 3642 auclore
974 3568 1178 3643 Plutarcho.

205 3688 257 3763 ll.
285 3686 352 3761 Est
368 3711 455 3785 ergo
467 3684 626 3786 ¹primum
643 3684 818 3775 omnium,
838 3702 878 3759 ut
903 3684 1068 3783 princeps
1087 3686 1119 3757 se
1137 3704 1194 3757 to-

156 3908 227 3959 m.
244 3904 446 3957 ms'rr'rurto
453 3904 622 3981 trajana]
632 3902 1163 3971 ResertJoannasSarisbetlpnsrslnl'ohcratico

286 3974 344 4019 Lib.
353 3987 376 4018 r.
388 3970 421 4017 vl.
434 3970 478 4017 vit.
492 3972 542 4017 vin.
557 3972 720 4033 conjeslutam
730 3973 757 4017 de
773 3972 816 4017 hoe
831 3974 906 4018 hhello
922 3970 1023 4015 nomene
1037 3968 1124 4030 prodidi
1136 3968 1162 4013 in

287 4034 383 4085 heras.
395 4052 416 4097 p.
427 4034 502 4081 lxviii.
512 4034 556 4097 seq.
567 4036 660 4081 uberius
671 4036 763 4095 prodam
773 4037 798 4082 in
810 4038 934 4083 hnimatv.
956 4036 983 4081 ln
995 4033 1031 4079 his
1042 4032 1097 4079 locis
1108 4034 1163 4093 quid

285 4102 414 4156 emendare,
424 4116 470 4145 non
479 4112 527 4146 mr
536 4116 607 4160 opere
616 4100 714 4162 pretium
748 4101 775 4146 ln
785 4101 829 4147 fine
838 4102 853 4146 ri
872 4114 909 4163 ope
922 4112 1009 4143 mutem
1020 4098 1044 4141 in
1052 4112 1112 4144 nne.

146 4170 184 4219 Λ.
194 4182 227 4230 4.
245 4166 265 4215 l.
299 4166 340 4213 itt
349 4162 511 4225 prefatiohbri
523 4167 548 4211 ad
559 4166 685 4227 'l'rapnum
695 4180 730 4225 ap.
742 4164 778 4227 Jo.
791 4166 872 4211 suin.
883 4162 991 4209 Policrat.
1002 4178 1027 4216 v,
1040 4176 1060 4209 r.

144 4234 179 4289 Ε.
191 4248 221 4283 2.
239 4232 273 4283 ll.
307 4230 405 4285 rudem,
414 4244 441 4287 r,
449 4242 474 4275 a.
491 4228 553 4277 Huic
563 4230 614 4276 loco
624 4228 814 4291 suumjuditlum
824 4226 945 4291 premittit
957 4222 1162 4271 Sarishnlensuhls

292 4293 385 4345 verbiet
399 4292 518 4359 Quaerat
527 4292 613 4359 ejusden
619 4292 864 4359 politicaeopsirun'm's
872 4290 967 4356 capiens
974 4292 995 4337 in
1002 4288 1068 4337 (alell.
1078 4290 1117 4359 qui
1128 4308 1162 4337 n·

653 4378 765 4455 3⁸4
